% Encoding: UTF-8
% Beim Titel erfolgt eine Angabe in doppelten geschweiften Klammern, da ansonsten die Groß- und Kleinschreibung ignoriert wird.

@Book{ParaProgRauber,
  title     = {{Parallel Programming for Multicore and Cluster Systems; Second Edition}},
  publisher = {Springer},
  year      = {2013},
  author    = {Rauber, Thomas und Rünger, Gudula},
  isbn      = {978-3-642-37800-3}
}

@Online{Kausalitaet,
  author  = {Spektrum Akademischer Verlag, Heidelberg},
  title   = {{Lexikon der Physik. Kausalität}},
  year    = {1998},
  url     = {http://www.spektrum.de/lexikon/physik/kausalitaet/7841},
  urldate = {2018-02-10}
}

@Online{Objektorientierung,
  author  = {Thomas Slawig},
  title   = {{Objektorientierte Programmierung – Grundlagen und -Begriffe}},
  year    = {2004},
  url     = {http://www3.math.tu-berlin.de/Vorlesungen/WS03/Programmiermethoden/oo.pdf},
  urldate = {2018-02-10}
}

@Online{GrundlagenParallelisierung,
  author  = {Kegel, Philipp und Gorlatch, Sergei},
  title   = {{Grundlagen der Parallelisierung}},
  year    = {2009},
  url     = {https://www.uni-muenster.de/AMM/num/Vorlesungen/CUDA-2009/philipp_kegel-parallele_systeme.pdf},
  urldate = {2018-02-10}
}

@Online{EndeHardwareMiniaturisierung,
  author  = {Beyaz, Ferhat},
  title   = {{Parallele Multiprozessorsysteme - Das Ende der Hardware Miniaturisierung?}},
  year    = {2009},
  url     = {https://www.mi.fu-berlin.de/inf/groups/ag-tech/teaching/2008-09_WS/S_19565_Proseminar_Technische_Informatik/beyaz09parallele.pdf},
  urldate = {2018-02-10}
}

@Online{LRZ,
  author  = {Leibniz-Rechenzentrum},
  title   = {{SuperMUC Petascale System}},
  url     = {https://www.lrz.de/services/compute/supermuc/systemdescription/},
  urldate = {2018-02-10}
}

@Online{TeileUndHerrsche,
  author  = {Möller, B.},
  title   = {{Die Teile-und-Herrsche-Strategie}},
  year    = {2012},
  url     = {https://www.informatik.uni-augsburg.de/lehrstuehle/dbis/pmi/lectures/vorhergehende_semester/ws1112/Informatik_III/Skript/Skript4/kap08_4.pdf},
  urldate = {2018-02-10}
}

@Online{ParaProgLoogen,
	author  = {Loogen, Rita},
	title   = {{Parallele Programmierung}},
	year    = {2009},
	url     = {http://www.mathematik.uni-marburg.de/~loogen/Lehre/ws08/ParProg/Folien/ParProg0.pdf},
	urldate = {2018-02-12}
}

@Online{EinfacheSortierverfahren,
  author  = {Edelkamp, Stefan},
  title   = {{Algorithmen und Datenstrukturen - Einfache Sortierverfahren}},
  url     = {https://pdfs.semanticscholar.org/fb1e/ff65a8a1d461b627799911e321b37dec8bf2.pdf},
  urldate = {2018-02-10}
}

@Book{NebenlaeufigeProg,
  title     = {{Nebenläufige Programme}},
  publisher = {Springer},
  year      = {1994},
  author    = {Herrtwich, Ralf und Hommel, Günter},
  isbn      = {978-3-540-57783-6}
}

@Online{SequentiellDuden,
	author  = {Bibliographisches Institut GmbH},
	title   = {{sequentiell}},
	year    = {2018},
	url     = {https://www.duden.de/rechtschreibung/sequenziell},
	urldate = {2018-02-12}
}

@Online{ParallelDuden,
	author  = {Bibliographisches Institut GmbH},
	title   = {{parallel}},
	year    = {2018},
	url     = {https://www.duden.de/rechtschreibung/parallel},
	urldate = {2018-02-12}
}

@Online{PhasenBefehlsbearbeitung,
	author  = {Siemers, Christian},
	title   = {{Prozessorgrundlagen: Von-Neumann-Architektur, Teil 3 - Phasen der Befehlsbearbeitung}},
	year    = {2004},
	url     = {https://www.tecchannel.de/a/prozessorgrundlagen-von-neumann-architektur-teil-3,402319,16},
	urldate = {2018-02-12}
}

@Online{FunktionsweiseComputersysteme,
	author  = {Morgenstern, Laura},
	title   = {{Einführung in die Funktionsweise von Computersystemen}},
	year    = {2017},
	url     = {https://osg.informatik.tu-chemnitz.de/lehre/efc/gau.pdf},
	urldate = {2018-02-13}
}

@Book{SprichwortKette,
	title     = {{Sprichwörter und Psychologie - eine Annäherung}},
	publisher = {Springer},
	year      = {2017},
	author    = {Albrecht, Julia und Frey, Dieter},
	isbn      = {978-3-662-50381-2},
	url     = {http://www.springer.com/cda/content/document/cda_downloaddocument/9783662503805-c1.pdf?SGWID=0-0-45-1595833-p180110131},
	urldate = {2018-02-13}
}

@Online{EmpirieDuden,
	author  = {Bibliographisches Institut GmbH},
	title   = {{Empirie}},
	year    = {2018},
	url     = {https://www.duden.de/rechtschreibung/Empirie},
	urldate = {2018-02-13}
}

@Online{AufbauFunktionsweiseMikroprozessoren,
	author  = {Richter, Christian},
	title   = {{Einführung in Aufbau und Funktionsweise von Mikroprozessoren}},
	year    = {2005},
	url     = {http://www.ch-r.de/et/nue-atmmk-mikroprozessoren.pdf},
	urldate = {2018-02-13}
}

@Online{VektorrechnerWikipedia,
	author  = {Wikipedia, die freie Enzyklopädie},
	title   = {{Vektorprozessor}},
	url     = {https://de.wikipedia.org/wiki/Vektorprozessor},
	urldate = {2018-03-25}
}

@Book{ModerneBetriebssysteme,
	title     = {{Moderne Betriebssysteme}},
	publisher = {Pearson Studium},
	edition   = {2., aktualisierte Auflage},
	year      = {2003},
	author    = {Tanenbaum, Andrew S.},
	isbn      = {3-8273-7019-1}
}

@Online{ThreadsRheinwerk,
	title     = {{Linux-UNIX-Programmierung - Kapitel 10: Threads}},
	author    = {Wolf, Jürgen},
	publisher = {Rheinwerk-Verlag},
	edition   = {2., aktualisierte und erweiterte Auflage},
	year      = {2006},	
	url       = {http://openbook.rheinwerk-verlag.de/linux_unix_programmierung/Kap10-000.htm#RxxKap10000040002FE1F043100},
	urldate   = {2018-03-25}
}

@Online{SpoolingWikipedia,
	author  = {Wikipedia, die freie Enzyklopädie},
	title   = {{Spooling}},
	url     = {https://de.wikipedia.org/wiki/Spooling},
	urldate = {2018-03-27}
}

@Online{DeadlockWikipedia,
	author  = {Wikipedia, die freie Enzyklopädie},
	title   = {{Deadlock (Informatik)}},
	url     = {https://de.wikipedia.org/wiki/Deadlock_(Informatik)},
	urldate = {2018-03-27}
}

@Online{CompilerWikipedia,
	author  = {Wikipedia, die freie Enzyklopädie},
	title   = {{Compiler}},
	url     = {https://de.wikipedia.org/wiki/Compiler},
	urldate = {2018-03-27}
}

@Online{SichererUnsichererZustandBennewitz,
	author  = {Bennewitz, Maren},
	title   = {{Systeme I: Betriebssysteme - Kapitel 6:	Deadlocks}},
	year    = {2013},
	url     = {http://hrl.informatik.uni-freiburg.de/teaching/ws13/systeme-slides/systeme_kap6_deadlocks.pdf},
	urldate = {2018-03-29}
}

@Online{DijkstraWikipedia,
	author  = {Wikipedia, die freie Enzyklopädie},
	title   = {{Edsger W. Dijkstra}},
	url     = {https://de.wikipedia.org/wiki/Edsger_W._Dijkstra},
	urldate = {2018-03-29}
}

@Online{BankieralgorithmusWikipedia,
	author  = {Wikipedia, die freie Enzyklopädie},
	title   = {{Bankieralgorithmus}},
	url     = {https://de.wikipedia.org/wiki/Bankieralgorithmus},
	urldate = {2018-03-29}
}

@Online{DatenwortWikipedia,
	author  = {Wikipedia, die freie Enzyklopädie},
	title   = {{Datenwort}},
	url     = {https://de.wikipedia.org/wiki/Datenwort},
	urldate = {2018-03-30}
}

@Online{SpeicherbusWikibooks,
	author  = {Wikibooks, die freie Bibliothek},
	title   = {{Computerhardware: Hauptplatine: Bus: Speicherbus}},
	url     = {https://de.wikibooks.org/wiki/Computerhardware:_Hauptplatine:_Bus:_Speicherbus},
	urldate = {2018-03-30}
}

@Online{MoveBefehlWikibooks,
	author  = {Wikibooks, die freie Bibliothek},
	title   = {{Assembler-Programmierung für x86-Prozessoren/ Befehlsreferenz}},
	url     = {https://de.wikibooks.org/wiki/Assembler-Programmierung_f%C3%BCr_x86-Prozessoren/_Befehlsreferenz#MOV_(Move)},
	urldate = {2018-03-30}
}

@Online{SpinlockWikipedia,
	author  = {Wikipedia, die freie Enzyklopädie},
	title   = {{Spinlock}},
	url     = {https://de.wikipedia.org/wiki/Spinlock},
	urldate = {2018-03-31}
}

@Online{SemaphorWikipedia,
	author  = {Wikipedia, die freie Enzyklopädie},
	title   = {{Semaphor (Informatik)}},
	url     = {https://de.wikipedia.org/wiki/Semaphor_(Informatik)},
	urldate = {2018-04-01}
}

@Online{SemaphorBorchert,
	author  = {Borchert, Andreas F.},
	title   = {{Systemnahe Software II}},
	year    = {2008},
	url     = {http://www.mathematik.uni-ulm.de/sai/ss08/soft/slides/slides-2008-06-30.pdf},
	urldate = {2018-04-01}
}

@Online{BetriebssystemeNetzmafia,
	title     = {{Betriebssysteme}},
	author    = {Plate, Jürgen},
	url       = {http://www.netzmafia.de/skripten/bs/index.html},
	urldate   = {2018-04-01}
}

@Online{ParallelrechnerAmirnaderi,
	title     = {{AMD MP Prozessoren}},
	author    = {Amirnaderi, H.},
	year      = {2003},
	url       = {http://www.weblearn.hs-bremen.de/risse/RST/WS02/amd_mp_prozessoren.pdf},
	urldate   = {2018-04-05}
}

@Online{ALUWikipedia,
	author  = {Wikipedia, die freie Enzyklopädie},
	title   = {{Arithmetisch-logische Einheit}},
	url     = {https://de.wikipedia.org/wiki/Arithmetisch-logische_Einheit},
	urldate = {2018-04-05}
}

@Online{FPUWikipedia,
	author  = {Wikipedia, die freie Enzyklopädie},
	title   = {{Gleitkommaeinheit}},
	url     = {https://de.wikipedia.org/wiki/Gleitkommaeinheit},
	urldate = {2018-04-05}
}

@Online{RechnerverbundWikipedia,
	author  = {Wikipedia, die freie Enzyklopädie},
	title   = {{Rechnerverbund}},
	url     = {https://de.wikipedia.org/wiki/Rechnerverbund},
	urldate = {2018-04-05}
}

@Online{GridWikipedia,
	author  = {Wikipedia, die freie Enzyklopädie},
	title   = {{Grid-Computing}},
	url     = {https://de.wikipedia.org/wiki/Grid-Computing},
	urldate = {2018-04-05}
}

@Online{GrundlagenParallelisierungKegel,
	title     = {{Grundlagen der Parallelisierung}},
	author    = {Kegel, Philipp und Gorlatch, Sergei},
	year      = {2009},
	url       = {https://www.uni-muenster.de/AMM/num/Vorlesungen/CUDA-2009/philipp_kegel-parallele_systeme.pdf},
	urldate   = {2018-04-05}
}

@Online{FlynnWikipedia,
	author  = {Wikipedia, die freie Enzyklopädie},
	title   = {{Michael J. Flynn}},
	url     = {https://de.wikipedia.org/wiki/Michael_J._Flynn},
	urldate = {2018-04-05}
}

@Online{BSMultiprozessorsysteme,
	title     = {{Betriebssysteme für Multiprozessorsysteme}},
	author    = {Prodan, Radu},
	year      = {2012},
	url       = {http://www.dps.uibk.ac.at/~tf/lehre/ss12/bs/vorlesungen/Multiprocessor.pdf},
	urldate   = {2018-04-05}
}

@Online{MehrkernprozessorWikipedia,
	author  = {Wikipedia, die freie Enzyklopädie},
	title   = {{Mehrkernprozessor}},
	url     = {https://de.wikipedia.org/wiki/Mehrkernprozessor},
	urldate = {2018-04-05}
}

@Online{MehrprozessorsystemWikipedia,
	author  = {Wikipedia, die freie Enzyklopädie},
	title   = {{Mehrprozessorsystem}},
	url     = {https://de.wikipedia.org/wiki/Mehrprozessorsystem},
	urldate = {2018-04-05}
}

@Online{MulticomputerIGI,
	author  = {IGI Global, Disseminator of Knowledge},
	title   = {{What is Multicomputer}},
	url     = {https://www.igi-global.com/dictionary/assembling-parallel-programs-large-scale/19520},
	urldate = {2018-04-05}
}

@Online{TaxonomieWikipedia,
	author  = {Wikipedia, die freie Enzyklopädie},
	title   = {{Taxonomie}},
	url     = {https://de.wikipedia.org/wiki/Taxonomie},
	urldate = {2018-04-05}
}

@Online{FlynnsTaxonomie,
	title     = {{Flynn's Taxonomie}},
	author    = {Zemann, Maik},
	year      = {2004},
	url       = {http://www.ti.uni-bielefeld.de/downloads/SS04/parallele_rechner/vortraege/flynn/flynn.pdf},
	urldate   = {2018-04-05}
}

@Online{FlynnscheKlassifikationWikipedia,
	author  = {Wikipedia, die freie Enzyklopädie},
	title   = {{Flynnsche Klassifikation}},
	url     = {https://de.wikipedia.org/wiki/Flynnsche_Klassifikation},
	urldate = {2018-04-05}
}

@Online{EntwicklungParallelerProgramme,
	author  = {Bauer, Bernhard und Schöbel, Viviane},
	title   = {{Entwicklung parallel ablaufender Programme}},
	year    = {2008},
	url     = {https://www.informatik.uni-augsburg.de/lehrstuehle/swt/vs/lehre/archiv/SS_08/seminar/downloads/seminarband.pdf},
	urldate = {2018-04-06}
}

@Online{ParalleleNumerischeVerfahren,
	title     = {{Parallele numerische Verfahren}},
	author    = {Alefeld, Götz; Lenhardt, Ingrid und Obermaier, Holger},
	publisher = {Springer},
	year      = {2002},	
	isbn      = {978-3-540-42519-9}
	url       = {http://www.springer.com/cda/content/document/cda_downloaddocument/9783540425199-c1.pdf?SGWID=0-0-45-96268-p2213021},
	urldate   = {2018-04-08}
}

@Online{CacheMissTechopedia,
	author  = {Techopedia - The IT Education Site},
	title   = {{Cache Miss}},
	url     = {https://www.techopedia.com/definition/6308/cache-miss},
	urldate = {2018-04-14}
}

@Online{AmdahlschesGesetzWikipedia,
	author  = {Wikipedia, die freie Enzyklopädie},
	title   = {{Amdahlsches Gesetz}},
	url     = {https://de.wikipedia.org/wiki/Amdahlsches_Gesetz},
	urldate = {2018-05-06}
}

@Online{GesetzeParallelierung,
	author  = {Grabsch, Volker und Radunz, Yves},
	title   = {{Seminarvortrag - Amdahlsches und Gustafsonsches Gesetz}},
	url     = {https://njh.eu/Amdahlsches_und_Gustafsonsches_Gesetz.pdf},
	urldate = {2018-05-06}
}

@Online{GeneAmdahlWikipedia,
	author  = {Wikipedia, die freie Enzyklopädie},
	title   = {{Gene Amdahl}},
	url     = {https://de.wikipedia.org/wiki/Gene_Amdahl},
	urldate = {2018-05-06}
}

@Online{GustafsonsGesetzWikipedia,
	author  = {Wikipedia, die freie Enzyklopädie},
	title   = {{Gustafsons Gesetz}},
	url     = {https://de.wikipedia.org/wiki/Gustafsons_Gesetz},
	urldate = {2018-05-06}
}

@Online{JohnGustafsonWikipedia,
	author  = {Wikipedia, die freie Enzyklopädie},
	title   = {{John Gustafson (scientist)}},
	url     = {https://en.wikipedia.org/wiki/John_Gustafson_(scientist)},
	urldate = {2018-05-06}
}

@Online{OpenMPWikipedia,
	author  = {Wikipedia, die freie Enzyklopädie},
	title   = {{OpenMP}},
	url     = {https://de.wikipedia.org/wiki/OpenMP},
	urldate = {2018-05-10}
}

@Online{APIWikipedia,
	author  = {Wikipedia, die freie Enzyklopädie},
	title   = {{Programmierschnittstelle}},
	url     = {https://de.wikipedia.org/wiki/Programmierschnittstelle},
	urldate = {2018-05-10}
}

@Online{CilkWikipedia,
	author  = {Wikipedia, die freie Enzyklopädie},
	title   = {{Cilk}},
	url     = {https://en.wikipedia.org/wiki/Cilk},
	urldate = {2018-05-10}
}